@article{ben2009yaml,
  title={Yaml ain't markup language (yaml™) version 1.1},
  author={Ben-Kiki, Oren and Evans, Clark and Ingerson, Brian},
  journal={Working Draft 2008-05},
  volume={11},
  year={2009}
}

@techreport{hagberg2008exploring,
  title={Exploring network structure, dynamics, and function using NetworkX},
  author={Hagberg, Aric and Swart, Pieter and S Chult, Daniel},
  year={2008},
  institution={Los Alamos National Lab.(LANL), Los Alamos, NM (United States)}
}


@article{knuth1984literate,
  title={Literate programming},
  author={Knuth, Donald Ervin},
  journal={The Computer Journal},
  volume={27},
  number={2},
  pages={97--111},
  year={1984},
  publisher={Oxford University Press}
}

@inproceedings{hougardy2014edge,
  title={Edge elimination in TSP instances},
  author={Hougardy, Stefan and Schroeder, Rasmus T},
  booktitle={International Workshop on Graph-Theoretic Concepts in Computer Science},
  pages={275--286},
  year={2014},
  url="https://bit.ly/3dCFqRS",
  organization={Springer}
}

@article{applegate2009certification,
  title={Certification of an optimal TSP tour through 85,900 cities},
  author={Applegate, David L and Bixby, Robert E and Chv{\'a}tal, Va{\v{s}}ek and Cook, William and Espinoza, Daniel G and Goycoolea, Marcos and Helsgaun, Keld},
  journal={Operations Research Letters},
  volume={37},
  number={1},
  pages={11--15},
  year={2009},
  publisher={Elsevier}
}


@misc{ramsey2008noweb,
  title={Noweb—a simple, extensible tool for literate programming},
  author={Ramsey, Norman},
  year={2008}
}

@book{thelin2007foundations,
  title={Foundations of Qt development},
  author={Thelin, Johan},
  year={2007},
  publisher={Apress}
}

@article{mitchell1999guillotine,
  title={Guillotine subdivisions approximate polygonal subdivisions: A simple polynomial-time approximation scheme for geometric TSP, k-MST, and related problems},
  author={Mitchell, Joseph SB},
  journal={SIAM Journal on computing},
  volume={28},
  number={4},
  pages={1298--1309},
  year={1999},
  publisher={SIAM}
}


@inproceedings{arora1996polynomial,
  title={Polynomial time approximation schemes for Euclidean TSP and other geometric problems},
  author={Arora, Sanjeev},
  booktitle={Proceedings of 37th Conference on Foundations of Computer Science},
  pages={2--11},
  year={1996},
  organization={IEEE}
}